<?xml version="1.0" encoding="UTF-8"?><collection xmlns="http://www.loc.gov/MARC21/slim"><record><leader>00399nam--2200145-i-4500</leader><controlfield tag="001">000023458</controlfield><controlfield tag="002">20161230</controlfield><controlfield tag="005">20161230201035</controlfield><controlfield tag="008">060222s1000------------r-----000-0-eng-d</controlfield><datafield ind1=" " ind2=" " tag="080"><subfield code="a">621.396.96</subfield></datafield><datafield ind1=" " ind2=" " tag="100"><subfield code="a">Hovanessian, S.A</subfield></datafield><datafield ind1=" " ind2=" " tag="245"><subfield code="a">Radar detection and tracking systems</subfield></datafield><datafield ind1=" " ind2=" " tag="260"><subfield code="a">Dedham, Massachusetts, Artech House, Inc.,1973</subfield></datafield><datafield ind1=" " ind2=" " tag="490"><subfield code="a">Modern Frontiers In Applied Science</subfield></datafield><datafield ind1=" " ind2=" " tag="852"><subfield code="a">42445</subfield></datafield></record></collection>